@inproceedings{DBLP:conf/atva/RaszykBT20,
  author    = {Martin Raszyk and
               David A. Basin and
               Dmitriy Traytel},
  editor    = {Dang Van Hung and
               Oleg Sokolsky},
  title     = {Multi-head Monitoring of Metric Dynamic Logic},
  booktitle = {Automated Technology for Verification and Analysis - 18th International
               Symposium, {ATVA} 2020, Hanoi, Vietnam, October 19-23, 2020, Proceedings},
  series    = {Lecture Notes in Computer Science},
  volume    = {12302},
  pages     = {233--250},
  publisher = {Springer},
  year      = {2020},
  url       = {https://doi.org/10.1007/978-3-030-59152-6\_13},
  doi       = {10.1007/978-3-030-59152-6\_13},
  timestamp = {Tue, 20 Oct 2020 18:27:30 +0200},
  biburl    = {https://dblp.org/rec/conf/atva/RaszykBT20.bib},
  bibsource = {dblp computer science bibliography, https://dblp.org}
}
