@book{nipkow_proof_2017,
	address = {Heidelberg},
	title = {A {Proof} {Assistant} for {Higher}-{Order} {Logic}},
	publisher = {Springer-Verlag},
	author = {Nipkow, Tobias and Paulson, Lawrence C. and Wenzel, Markus},
	year = {2017},
}
@incollection{blanchette_types_2016,
	address = {Cham},
	title = {From {Types} to {Sets} by {Local} {Type} {Definitions} in {Higher}-{Order} {Logic}},
	volume = {9807},
	isbn = {978-3-319-43144-4},
	booktitle = {Interactive {Theorem} {Proving}},
	publisher = {Springer International Publishing},
	author = {Kun{\v c}ar, Ond{\v r}ej and Popescu, Andrei},
	editor = {Blanchette, Jasmin Christian and Merz, Stephan},
	year = {2016},
	pages = {200--218},
}
@incollection{berardi_local_2009,
	address = {Heidelberg},
	title = {Local {Theory} {Specifications} in {Isabelle}/{Isar}},
	volume = {5497},
	isbn = {978-3-642-02443-6},
	booktitle = {Types for {Proofs} and {Programs}},
	publisher = {Springer},
	author = {Haftmann, Florian and Wenzel, Makarius},
	editor = {Berardi, Stefano and Damiani, Ferruccio and de{\textquoteright}Liguoro, Ugo},
	year = {2009},
	pages = {153--168},
}
@book{burris_course_2012,
	title = {A {Course} in {Universal} {Algebra}},
	isbn = {978-0-9880552-0-9},
	shorttitle = {A {Course} in universal algebra},
	publisher = {S. Burris and H.P. Sankappanavar},
	author = {Burris, Stanley and Sankappanavar, ?Hanamantagouda P.},
	year = {2012},
}
@book{hungerford_algebra_2003,
	address = {New York},
	title = {Algebra},
	isbn = {978-0-387-90518-1},
	publisher = {Springer},
	author = {Hungerford, Thomas W.},
	year = {2003},
}
@book{urban_isabelle_2019,
	title = {The {Isabelle} {Cookbook}: {A} {Gentle} {Tutorial} for {Programming} {Isabelle}/{ML}},
	author = {Urban, Christian},
	collaborator = {Berghofer, Stefan and Blanchette, Jasmin and Bohme, Sascha and Bulwahn, Lukas and Dawson, Jeremy and Kolanski, Rafal and Krauss, Alexander and Nipkow, Tobias and Schropp, Andreas and Sternagel, Christian},
	year = {2019},
}
@misc{lochbihler_re:_2019,
	title = {Re: [isabelle] {Revisiting} records, structures, locales, abelian\_group, {HOL}-{Algebra} and {Types}-{To}-{Sets}},
	url = {https://lists.cam.ac.uk/pipermail/cl-isabelle-users/2019-August/msg00017.html},
	journal = {The Cl-isabelle-users Archives},
	author = {Lochbihler, Andreas},
	year = {2019},
}
@misc{noauthor_isabelle_nodate,
	title = {Isabelle mailing-list},
	url = {https://lists.cam.ac.uk/pipermail/cl-isabelle-users/},
	journal = {The Cl-isabelle-users Archives},
}
@incollection{immler_smooth_2019,
	address = {New York},
	series = {{CPP} 2019},
	title = {Smooth {Manifolds} and {Types} to {Sets} for {Linear} {Algebra} in {Isabelle}/{HOL}},
	isbn = {978-1-4503-6222-1},
	booktitle = {Proceedings of the 8th {ACM} {SIGPLAN} {International} {Conference} on {Certified} {Programs} and {Proofs}, {CPP} 2019, {Cascais}, {Portugal}},
	publisher = {ACM},
	author = {Immler, Fabian and Zhan, Bohua},
	editor = {Mahboubi, Assia and Myreen, Magnus O.},
	year = {2019},
	keywords = {Formalization of Mathematics, Higher Order Logic, Isabelle, Manifolds},
	pages = {65--77},
}
@misc{immler_automation_2019,
	title = {Automation for unverloading definitions},
	url = {http://isabelle.in.tum.de/repos/isabelle/rev/ab5a8a2519b0},
	journal = {isabelle/changeset},
	author = {Immler, Fabian},
	year = {2019},
}
@phdthesis{kuncar_types_2015,
	address = {Munich},
	title = {Types, {Abstraction} and {Parametric} {Polymorphism} in {Higher}-{Order} {Logic}},
	school = {Technische Universit{\"a}t M{\"u}nchen},
	author = {Kun{\v c}ar, Ond{\v r}ej},
	year = {2015},
}
@unpublished{wenzel_isabelle/isar_2019,
	title = {The {Isabelle}/{Isar} {Implementation}},
	author = {Wenzel, Makarius},
	collaborator = {Berghofer, Stefan and Haftmann, Florian and Paulson, Larry},
	year = {2019},
}
@unpublished{wenzel_isabelle/isar_2019-1,
	title = {The {Isabelle}/{Isar} {Reference} {Manual}},
	author = {Wenzel, Makarius},
	collaborator = {Ballarin, Clemens and Berghofer, Stefan and Blanchette, Jasmin and Bourke, Timothy and Bulwahn, Lukas and Chaieb, Amine and Dixon, Lucas and Haftmann, Florian and Huffman, Brian and Hupel, Lars and Klein, Gerwin and Krauss, Alexander and Kun{\v c}ar, Ond{\v r}ej and Lochbihler, Andreas and Nipkow, Tobias and Noschinski, Lars and Oheimb, David von and Paulson, Larry and Skalberg, Sebastian and Sternagel, Christian and Traytel, Dmitriy},
	year = {2019},
}
@phdthesis{wenzel_isabelle/isar_2001,
	address = {Munich},
	title = {Isabelle/{Isar} {\textemdash} {A} {Versatile} {Environment} for {Human}-{Readable} {Formal} {Proof} {Documents}},
	school = {Technische Universit{\"a}t M{\"u}nchen},
	author = {Wenzel, Markus M.},
	year = {2001},
}
@unpublished{cain_nine_2019,
	address = {Lisbon},
	title = {Nine {Chapters} on the {Semigroup} {Art}},
	author = {Cain, Alan J},
	year = {2019},
}
@misc{gilcher_conditional_2017,
	address = {TABLEAUX/FroCoS/ITP},
	title = {Conditional {Parametricity} in {Isabelle}/{HOL}},
	author = {Gilcher, Jan and Lochbihler, Andreas and Traytel, Dmitriy},
	year = {2017},
}
@article{divason_perron-frobenius_2016,
	title = {Perron-{Frobenius} {Theorem} for {Spectral} {Radius} {Analysis}},
	journal = {Archive of Formal Proofs},
	author = {Divas{\'o}n, Jose and Kun{\v c}ar, Ond{\v r}ej and Thiemann, Ren{\'e} and Yamada, Akihisa},
	year = {2016},
}
@article{maletzky_hilberts_2019,
	title = {Hilbert's {Nullstellensatz}},
	journal = {Archive of Formal Proofs},
	author = {Maletzky, Alexander},
	year = {2019},
}
@inproceedings{traytel_foundational_2012,
	address = {Dubrovnik},
	title = {Foundational, {Compositional} ({Co})datatypes for {Higher}-{Order} {Logic}: {Category} {Theory} {Applied} to {Theorem} {Proving}},
	booktitle = {27th {Annual} {IEEE} {Symposium} on {Logic} in {Computer} {Science}},
	publisher = {IEEE},
	author = {Traytel, Dmitry and Popescu, Andrei and Blanchette, Jasmin C.},
	year = {2012},
	keywords = {(co)datatypes, Abstracts, bounded natural functor, cardinals, categorical operation, category theory, Category theory, compositional datatype, datatype definition, definitional package, finitely branching tree, formal logic, foundational datatype, fully modular framework, high-level specification, higher-order logic, HOL Light, HOL4, interactive theorem prover, interactive theorem proving, internal datatype construction, Isabelle/HOL, logical primitive, mixed mutual recursion, nested recursion, Semantics, Set theory, Shape, Standards, theorem proving, trees (mathematics)},
	pages = {596--605},
}
@inproceedings{gibbons_design_2006,
	address = {Portland, USA},
	title = {Design patterns as higher-order datatype-generic programs},
	booktitle = {The 2006 {ACM} {SIGPLAN} workshop},
	publisher = {ACM Press},
	author = {Gibbons, Jeremy},
	year = {2006},
	pages = {1},
}
@inproceedings{beck_using_1987,
	address = {Orlando, USA},
	title = {Using {Pattern} {Languages} for {Object}-{Oriented} {Programs}},
	isbn = {0-89791-247-0},
	booktitle = {Proceedings of the {Conference} on {Object}-{Oriented} {Programming} {Systems}, {Languages}, and {Applications}},
	publisher = {ACM},
	author = {Beck, K.},
	year = {1987},
}
@inproceedings{abrial_using_2008,
	address = {Heidelberg},
	series = {Lecture {Notes} in {Computer} {Science}},
	title = {Using {Design} {Patterns} in {Formal} {Methods}: {An} {Event}-{B} {Approach}},
	isbn = {978-3-540-85762-4},
	booktitle = {Theoretical {Aspects} of {Computing} - {ICTAC} 2008},
	publisher = {Springer},
	author = {Abrial, J. -R. and Hoang, Thai Son},
	editor = {Fitzgerald, John S. and Haxthausen, Anne E. and Yenigun, Husnu},
	year = {2008},
}
@book{gamma_design_1994,
	title = {Design {Patterns}: {Elements} of {Reusable} {Object}-{Oriented} {Software}},
	isbn = {978-0-321-70069-8},
	shorttitle = {Design {Patterns}},
	publisher = {Pearson Education},
	author = {Gamma, Erich and Helm, Richard and Johnson, Ralph and Vlissides, John},
	year = {1994},
	keywords = {Computers / Computer Vision \& Pattern Recognition},
}
@incollection{blazy_type_2013,
	address = {Berlin, Heidelberg},
	title = {Type {Classes} and {Filters} for {Mathematical} {Analysis} in {Isabelle}/{HOL}},
	volume = {7998},
	isbn = {978-3-642-39633-2},
	booktitle = {Interactive {Theorem} {Proving}},
	publisher = {Springer Berlin Heidelberg},
	author = {H{\"o}lzl, Johannes and Immler, Fabian and Huffman, Brian},
	editor = {Blazy, Sandrine and Paulin-Mohring, Christine and Pichardie, David},
	year = {2013},
	pages = {279--294},
}
@incollection{van_eekelen_three_2011,
	address = {Heidelberg},
	title = {Three {Chapters} of {Measure} {Theory} in {Isabelle}/{HOL}},
	volume = {6898},
	isbn = {978-3-642-22862-6},
	url = {http://link.springer.com/10.1007/978-3-642-22863-6_12},
	booktitle = {Interactive {Theorem} {Proving}},
	publisher = {Springer},
	author = {H{\"o}lzl, Johannes and Heller, Armin},
	editor = {van Eekelen, Marko and Geuvers, Herman and Schmaltz, Julien and Wiedijk, Freek},
	year = {2011},
	pages = {135--151},
}
@unpublished{ballarin_tutorial_2020,
	title = {Tutorial to {Locales} and {Locale} {Interpretation}},
	url = {https://isabelle.in.tum.de/website-Isabelle2020/dist/Isabelle2020/doc/locales.pdf},
	author = {Ballarin, Clemens},
	year = {2020},
}
@incollection{berardi_locales_2004,
	address = {Berlin},
	title = {Locales and {Locale} {Expressions} in {Isabelle}/{Isar}},
	volume = {3085},
	isbn = {978-3-540-22164-7},
	booktitle = {Types for {Proofs} and {Programs}},
	publisher = {Springer},
	author = {Ballarin, Clemens},
	editor = {Berardi, Stefano and Coppo, Mario and Damiani, Ferruccio},
	year = {2004},
	pages = {34--50},
}
@book{ballarin_isabellehol_2020,
	title = {The {Isabelle}/{HOL} {Algebra} {Library}},
	url = {https://isabelle.in.tum.de/website-Isabelle2020/dist/library/HOL/HOL-Algebra/document.pdf},
	editor = {Ballarin, Clemens},
	year = {2020},
}
@misc{noauthor_isabellehol_2020,
	title = {Isabelle/{HOL} {Standard} {Library}},
	url = {https://isabelle.in.tum.de/website-Isabelle2020/dist/library/HOL/HOL/index.html},
	journal = {Isabelle/HOL},
	year = {2020},
}
@misc{noauthor_isabellehol_2020-1,
	title = {Isabelle/{HOL} {Analysis}},
	url = {https://isabelle.in.tum.de/website-Isabelle2020/dist/library/HOL/HOL-Analysis/index.html},
	journal = {Isabelle/HOL},
	year = {2020},
}
@incollection{gonthier_lifting_2013,
	address = {Heidelberg},
	title = {Lifting and {Transfer}: {A} {Modular} {Design} for {Quotients} in {Isabelle}/{HOL}},
	volume = {8307},
	isbn = {978-3-319-03545-1},
	booktitle = {Certified {Programs} and {Proofs}},
	publisher = {Springer},
	author = {Huffman, Brian and Kun{\v c}ar, Ond{\v r}ej},
	editor = {Gonthier, Georges and Norrish, Michael},
	year = {2013},
	pages = {131--146},
}
@incollection{altenkirch_constructive_2007,
	address = {Berlin, Heidelberg},
	title = {Constructive {Type} {Classes} in {Isabelle}},
	volume = {4502},
	isbn = {978-3-540-74464-1},
	booktitle = {Types for {Proofs} and {Programs}},
	publisher = {Springer},
	author = {Haftmann, Florian and Wenzel, Makarius},
	editor = {Altenkirch, Thorsten and McBride, Conor},
	year = {2007},
	pages = {160--174},
}
@article{ballarin_locales_2014,
	title = {Locales: {A} {Module} {System} for {Mathematical} {Theories}},
	volume = {52},
	number = {2},
	journal = {Journal of Automated Reasoning},
	author = {Ballarin, Clemens},
	year = {2014},
	pages = {123--153},
}
@article{blanchette_bindings_2019,
	title = {Bindings as bounded natural functors},
	volume = {3},
	number = {POPL},
	journal = {Proceedings of the ACM on Programming Languages},
	author = {Blanchette, Jasmin Christian and Gheri, Lorenzo and Popescu, Andrei and Traytel, Dmitriy},
	year = {2019},
	pages = {22:1--22:34},
}
@incollection{kaufmann_mechanized_2010,
	address = {Heidelberg},
	title = {A {Mechanized} {Translation} from {Higher}-{Order} {Logic} to {Set} {Theory}},
	volume = {6172},
	isbn = {978-3-642-14051-8},
	booktitle = {Interactive {Theorem} {Proving}},
	publisher = {Springer},
	author = {Krauss, Alexander and Schropp, Andreas},
	editor = {Kaufmann, Matt and Paulson, Lawrence C.},
	year = {2010},
	pages = {323--338},
}
@article{paulson_natural_1986,
	title = {Natural {Deduction} as {Higher}-{Order} {Resolution}},
	volume = {3},
	number = {3},
	journal = {The Journal of Logic Programming},
	author = {Paulson, Lawrence C.},
	year = {1986},
	pages = {237--258},
}
@article{paulson_lcf_2019,
	title = {From {LCF} to {Isabelle}/{HOL}},
	volume = {31},
	number = {6},
	journal = {Formal Aspects of Computing},
	author = {Paulson, Lawrence C. and Nipkow, Tobias and Wenzel, Makarius},
	year = {2019},
	pages = {675--698},
}
@incollection{yang_comprehending_2017,
	address = {Heidelberg},
	title = {Comprehending {Isabelle}/{HOL}{\textquoteright}s {Consistency}},
	volume = {10201},
	isbn = {978-3-662-54433-4},
	booktitle = {Programming {Languages} and {Systems}},
	publisher = {Springer},
	author = {Kun{\v c}ar, Ond{\v r}ej and Popescu, Andrei},
	editor = {Yang, Hongseok},
	year = {2017},
	pages = {724--749},
}
@article{meng_automation_2006,
	title = {Automation for interactive proof: {First} prototype},
	volume = {204},
	number = {10},
	journal = {Information and Computation},
	author = {Meng, Jia and Quigley, Claire and Paulson, Lawrence C.},
	year = {2006},
	pages = {1575--1596},
}
@incollection{schneider_source-level_2007,
	address = {Heidelberg},
	title = {Source-{Level} {Proof} {Reconstruction} for {Interactive} {Theorem} {Proving}},
	volume = {4732},
	isbn = {978-3-540-74590-7},
	booktitle = {Theorem {Proving} in {Higher} {Order} {Logics}},
	publisher = {Springer},
	author = {Paulson, Lawrence C. and Susanto, Kong Woei},
	editor = {Schneider, Klaus and Brandt, Jens},
	year = {2007},
	pages = {232--245},
}
@article{paulson_three_nodate,
	title = {Three {Years} of {Experience} with {Sledgehammer}, a {Practical} {Link} between {Automatic} and {Interactive} {Theorem} {Provers}},
	author = {Paulson, Lawrence C},
	pages = {10},
}
@incollection{bertot_isar_1999,
	address = {Heidelberg},
	title = {Isar {\textemdash} {A} {Generic} {Interpretative} {Approach} to {Readable} {Formal} {Proof} {Documents}},
	volume = {1690},
	isbn = {978-3-540-66463-5},
	booktitle = {Theorem {Proving} in {Higher} {Order} {Logics}},
	publisher = {Springer},
	author = {Wenzel, Markus},
	editor = {Bertot, Yves and Dowek, Gilles and Th{\'e}ry, Laurent and Hirschowitz, Andr{\'e} and Paulin, Christine},
	year = {1999},
	pages = {167--183},
}
@article{wenzel_isabelleisar_2007,
	title = {Isabelle/{Isar} {\textemdash} a {Generic} {Framework} for {Human}-{Readable} {Proof} {Documents}},
	volume = {10},
	number = {23},
	journal = {Studies in Logic, Grammar and Rhetoric},
	author = {Wenzel, Makarius},
	year = {2007},
	pages = {277--297},
}
@incollection{kauers_context_2007,
	address = {Heidelberg},
	title = {Context {Aware} {Calculation} and {Deduction}: {Ring} {Equalities} {Via} {Gr{\"o}bner} {Bases} in {Isabelle}},
	volume = {4573},
	isbn = {978-3-540-73083-5},
	booktitle = {Towards {Mechanized} {Mathematical} {Assistants}},
	publisher = {Springer},
	author = {Chaieb, Amine and Wenzel, Makarius},
	editor = {Kauers, Manuel and Kerber, Manfred and Miner, Robert and Windsteiger, Wolfgang},
	year = {2007},
	pages = {27--39},
}
@article{pohjola_mechanised_2020,
	title = {A {Mechanised} {Semantics} for {HOL} with {Ad}-hoc {Overloading}},
	url = {http://arxiv.org/abs/2002.10212},
	journal = {arXiv:2002.10212 [cs]},
	author = {Pohjola, Johannes {\r A}man and Gengelbach, Arve},
	year = {2020},
	keywords = {Computer Science - Logic in Computer Science, 68Q55, F.3.1, F.3.2},
	pages = {498--479},
}
@inproceedings{lammich_automatic_2013,
	address = {Heidelberg},
	title = {Automatic {Data} {Refinement}},
	isbn = {978-3-642-39634-2},
	booktitle = {Interactive {Theorem} {Proving}},
	publisher = {Springer},
	author = {Lammich, Peter},
	editor = {Blazy, Sandrine and Paulin-Mohring, Christine and Pichardie, David},
	year = {2013},
	keywords = {Automatic Data, Executable Code, Side Condition, Synthesis Problem, Type Constructor},
	pages = {84--99},
}
@article{kuncar_types_2019,
	title = {From {Types} to {Sets} by {Local} {Type} {Definition} in {Higher}-{Order} {Logic}},
	volume = {62},
	number = {2},
	journal = {Journal of Automated Reasoning},
	author = {Kun{\v c}ar, Ond{\v r}ej and Popescu, Andrei},
	year = {2019},
	pages = {237--260},
}
@article{paulson_foundation_1989,
	title = {The foundation of a generic theorem prover},
	volume = {5},
	number = {3},
	journal = {Journal of Automated Reasoning},
	author = {Paulson, Lawrence C.},
	year = {1989},
	pages = {363--397},
}
@inproceedings{schroeder-heister_generalized_1984,
	address = {Berlin, Heidelberg},
	series = {Lecture {Notes} in {Mathematics}},
	title = {Generalized rules for quantifiers and the completeness of the intuitionistic operators \&, $\nu$, ?, $\lambda$, ?, $\varepsilon$},
	booktitle = {Computation and {Proof} {Theory}},
	publisher = {Springer},
	author = {Schroeder-Heister, Peter},
	editor = {B{\"o}rger, Egon and Oberschelp, Walter and Richter, Michael M. and Schinzel, Brigitta and Thomas, Wolfgang},
	year = {1984},
	keywords = {Basic Rule, Intended Meaning, Intuitionistic Logic, Natural Deduction, Sequent Calculus},
	pages = {399--426},
}
@incollection{hurd_hol_2005,
	address = {Heidelberg},
	title = {A {HOL} {Theory} of {Euclidean} {Space}},
	volume = {3603},
	isbn = {978-3-540-28372-0},
	booktitle = {Theorem {Proving} in {Higher} {Order} {Logics}},
	publisher = {Springer},
	author = {Harrison, John},
	editor = {Hurd, Joe and Melham, Tom},
	year = {2005},
	pages = {114--129},
}
@book{milner_definition_1997,
	address = {Cambridge, Massachusetts},
	title = {The definition of standard {ML} (revised)},
	isbn = {978-0-262-63181-5},
	publisher = {MIT Press},
	author = {Milner, Robin and Tofte, Mads and Harper, Robert and MacQueen, David},
	year = {1997},
	keywords = {ML (Computer program language)},
}
@incollection{furbach_partial_2006,
	address = {Heidelberg},
	title = {Partial {Recursive} {Functions} in {Higher}-{Order} {Logic}},
	volume = {4130},
	booktitle = {Automated {Reasoning}},
	publisher = {Springer},
	author = {Krauss, Alexander},
	editor = {Furbach, Ulrich and Shankar, Natarajan},
	year = {2006},
	pages = {589--603},
}
@inproceedings{berghofer_inductive_1999,
	address = {Berlin, Heidelberg},
	series = {Lecture {Notes} in {Computer} {Science}},
	title = {Inductive {Datatypes} in {HOL} {\textemdash} {Lessons} {Learned} in {Formal}-{Logic} {Engineering}},
	booktitle = {Theorem {Proving} in {Higher} {Order} {Logics}},
	publisher = {Springer},
	author = {Berghofer, Stefan and Wenzel, Markus},
	editor = {Bertot, Yves and Dowek, Gilles and Th{\'e}ry, Laurent and Hirschowitz, Andr{\'e} and Paulin, Christine},
	year = {1999},
	keywords = {High Order Logic, Induction Rule, Inductive Type, Structural Induction, Theorem Prove},
	pages = {19--36},
}
@inproceedings{blanchette_truly_2014,
	address = {Heidelberg},
	series = {Lecture {Notes} in {Computer} {Science}},
	title = {Truly {Modular} ({Co})datatypes for {Isabelle}/{HOL}},
	booktitle = {Interactive {Theorem} {Proving}},
	publisher = {Springer},
	author = {Blanchette, Jasmin Christian and H{\"o}lzl, Johannes and Lochbihler, Andreas and Panny, Lorenz and Popescu, Andrei and Traytel, Dmitriy},
	editor = {Klein, Gerwin and Gamboa, Ruben},
	year = {2014},
	keywords = {Proof Obligation, Induction Rule, Proof Assistant, Recursive Call, Recursive Function},
	pages = {93--110},
}
@inproceedings{kaliszyk_quotients_2011,
	address = {New York},
	series = {{SAC} '11},
	title = {Quotients revisited for {Isabelle}/{HOL}},
	booktitle = {Proceedings of the 2011 {ACM} {Symposium} on {Applied} {Computing}},
	publisher = {Association for Computing Machinery},
	author = {Kaliszyk, Cezary and Urban, Christian},
	year = {2011},
	keywords = {higher-order logic, Isabelle theorem prover, quotients},
	pages = {1639--1644},
}
@article{bordg_simple_2021,
	title = {Simple {Type} {Theory} is not too {Simple}: {Grothendieck}'s {Schemes} without {Dependent} {Types}},
	shorttitle = {Simple {Type} {Theory} is not too {Simple}},
	url = {http://arxiv.org/abs/2104.09366},
	journal = {arXiv:2104.09366 [cs, math]},
	author = {Bordg, Anthony and Paulson, Lawrence and Li, Wenda},
	year = {2021},
	keywords = {Mathematics - Logic, Mathematics - Algebraic Geometry, Computer Science - Logic in Computer Science, 14A15, 14-04, 03B16, 03B35, 68V20, G.m},
}
@inproceedings{kammuller_locales_1999,
	address = {Heidelberg},
	series = {Lecture {Notes} in {Computer} {Science}},
	title = {Locales {A} {Sectioning} {Concept} for {Isabelle}},
	isbn = {978-3-540-48256-7},
	booktitle = {Theorem {Proving} in {Higher} {Order} {Logics}},
	publisher = {Springer},
	author = {Kamm{\"u}ller, Florian and Wenzel, Markus and Paulson, Lawrence C.},
	editor = {Bertot, Yves and Dowek, Gilles and Th{\'e}ry, Laurent and Hirschowitz, Andr{\'e} and Paulin, Christine},
	year = {1999},
	pages = {149--165},
}
@misc{immler_re_2019,
	title = {Re: [isabelle] {Several} questions in relation to a use case for "types to sets"},
	url = {https://lists.cam.ac.uk/pipermail/cl-isabelle-users/2019-January/msg00072.html},
	journal = {The Cl-isabelle-users Archives},
	author = {Immler, Fabian},
	year = {2019},
}
@book{nipkow_isabellehol_2002,
	address = {Heidelberg},
	title = {Isabelle/{HOL}: {A} {Proof} {Assistant} for {Higher}-{Order} {Logic}},
	isbn = {978-3-540-43376-7},
	publisher = {Springer Science \& Business Media},
	author = {Nipkow, Tobias and Paulson, Lawrence C. and Wenzel, Markus},
	year = {2002},
	keywords = {Computers / Information Technology, Computers / Intelligence (AI) \& Semantics, Mathematics / Logic, Mathematics / Discrete Mathematics, Computers / Computer Science, Computers / Programming / General, Philosophy / Logic, Computers / Programming Languages / General},
}
@book{bhattacharya_basic_1994,
	address = {Cambridge},
	title = {Basic {Abstract} {Algebra}},
	isbn = {978-0-521-46081-1},
	publisher = {Cambridge University Press},
	author = {Bhattacharya, P. B. and Jain, S. K. and Nagpaul, S. R.},
	year = {1994},
	keywords = {Mathematics / Algebra / General},
}
@incollection{wenzel_type_1997,
	address = {Heidelberg},
	series = {Lecture {Notes} in {Computer} {Science}},
	title = {Type {Classes} and {Overloading} in {Higher}-{Order} {Logic}},
	isbn = {978-3-540-69526-4},
	booktitle = {Theorem {Proving} in {Higher} {Order} {Logics}},
	publisher = {Springer},
	author = {Wenzel, Markus},
	editor = {Gunter, Elsa L. and Felty, Amy},
	year = {1997},
	keywords = {Type Constructor, Class Definition, Deductive System, Type Class, Type Definition},
	pages = {307--322},
}
@incollection{nipkow_type_1991,
	address = {Heidelberg},
	series = {Lecture {Notes} in {Computer} {Science}},
	title = {Type classes and overloading resolution via order-sorted unification},
	volume = {523},
	isbn = {978-3-540-47599-6},
	booktitle = {Functional {Programming} {Languages} and {Computer} {Architecture}},
	publisher = {Springer},
	author = {Nipkow, Tobias and Snelting, Gregor},
	editor = {Hughes, John},
	year = {1991},
	pages = {1--14},
}
